% http://lead.to/amazon/en/

@book{Hebert2013,
    title={Learn You Some Erlang for Great Good!: A Beginner's Guide},
    author={Fred Hebert},
    publisher={No Starch Press},
    year={2013},
    month={1},
    edition={1},
    isbn={9781593274351},
    url={http://learnyousomeerlang.com},
    totalpages={624},
    timestamp={2017.06.08},
}

@book{McCordTateValim2016,
    title = {Programming Phoenix: Productive $|>$ Reliable $|>$ Fast},
    author = {Chris McCord and Bruce Tate and José Valim},
    publisher = {Pragmatic Bookshelf},
    year = {2016},
    month = {4},
    edition = {1},
    isbn = {9781680501452},
    url = {https://pragprog.com/book/phoenix/programming-phoenix},
    totalpages = {300},
    timestamp = {2017.06.08},
}

@book{juric2015,
    title = {Elixir in Action},
    author = {Saša {Jurić}},
    publisher = {Manning Publications},
    year = {2015},
    month = {6},
    edition = {1},
    isbn = {9781617292019},
    url = {https://manning.com/books/elixir-in-action},
    totalpages = {376},
    timestamp = {2017.06.07},
}

@book{hao2016,
    title = {The Little Elixir \& OTP Guidebook},
    author = {Benjamin {Tan Wei Hao}},
    publisher = {Manning Publications},
    year = {2016},
    month = {10},
    edition = {1},
    isbn = {9781633430112},
    url = {https://manning.com/books/the-little-elixir-and-otp-guidebook},
    totalpages = {296},
    timestamp = {2017.06.07},
}

@book{Grigorik201309,
    title = {High Performance Browser Networking: What every web developer should know about networking and web performance},
    author = {Ilya Grigorik},
    publisher = {O'Reilly Media},
    year = {2013},
    month = {9},
    edition = {1},
    isbn = {9781449344764},
    url = {https://hpbn.co},
    totalpages = {400},
    timestamp = {2017.06.08},
}

@book{Krug2014,
    title = {Don't Make Me Think, Revisited: A Common Sense Approach to Web Usability (3rd Edition) (Voices That Matter)},
    author = {Steve Krug},
    publisher = {New Riders},
    year = {2014},
    month = {1},
    edition = {3},
    isbn = {9780321965516},
    url = {https://sensible.com/dmmt.html},
    totalpages = {216},
    timestamp = {2017.06.08},
}

@online{benchmark-phoenix-latency,
    author= {Saša {Jurić}},
    title = {{Observing low latency in Phoenix with wrk}},
    url = {http://theerlangelist.com/article/phoenix_latency},
    urldate = {2017-06-07},
    year = {2016},
    month = {6},
    day = {12},
}

@online{webtendo-github,
    author = {Ben {Mann}},
    shortauthor = {8enmann},
    title = {{Multiplayer JS game platform}},
    url = {https://github.com/8enmann/webtendo},
    urldate = {2017-06-07},
}

@online{webkit-webrtc-announcement,
    author = {Youenn {Fablet}},
    title = {{Announcing WebRTC and Media Capture}},
    url = {https://webkit.org/blog/7726/announcing-webrtc-and-media-capture},
    urldate = {2017-06-08},
}

@online{safari11-changelog,
    author = {Apple Inc.},
    title = {{What's New in Safari: Safari 11.0}},
    url = {https://developer.apple.com/library/content/releasenotes/General/WhatsNewInSafari/Safari_11_0/Safari_11_0.html},
    urldate = {2017-06-08},
}

@online{snes-emulator-list,
    author = {Wikipedia},
    title = {{List of video game emulators}},
    url = {https://en.wikipedia.org/wiki/List_of_video_game_emulators#Super_NES},
    urldate = {2017-06-10},
}

@online{cool,
    author = {emulation-general.wikia.com},
    title = {Super Nintendo emulators},
    url = {http://emulation-general.wikia.com/wiki/Super_Nintendo_emulators},
    urldate = {2017-06-10},
}

@online{retroarch-netplay-comp,
    author = {Gregor Richards},
    title = {Netplay core testing},
    url = {https://github.com/GregorR/RetroArch/wiki/Netplay-core-testing},
    urldate = {2017-06-10},
}

@online{webpack-wasm-integration,
    author = {Maxime Rouyrre},
    title = {WebAssembly 101: a developer's first steps},
    url = {https://blog.openbloc.fr/webassembly-first-steps},
    urldate = {2017-07-01},
}

